@article{hopfield1985neural,
  title={“Neural” computation of decisions in optimization problems},
  author={Hopfield, John J and Tank, David W},
  journal={Biological cybernetics},
  volume={52},
  number={3},
  pages={141--152},
  year={1985},
  publisher={Springer}
}

@inproceedings{vinyals2015pointer,
  title={Pointer networks},
  author={Vinyals, Oriol and Fortunato, Meire and Jaitly, Navdeep},
  booktitle={Advances in neural information processing systems},
  pages={2692--2700},
  year={2015}
}

@article{bello2016neural,
  title={Neural combinatorial optimization with reinforcement learning},
  author={Bello, Irwan and Pham, Hieu and Le, Quoc V and Norouzi, Mohammad and Bengio, Samy},
  journal={arXiv preprint arXiv:1611.09940},
  year={2016}
}

@inproceedings{khalil2017learning,
  title={Learning combinatorial optimization algorithms over graphs},
  author={Khalil, Elias and Dai, Hanjun and Zhang, Yuyu and Dilkina, Bistra and Song, Le},
  booktitle={Advances in Neural Information Processing Systems},
  pages={6348--6358},
  year={2017}
}

@article{kool2018attention,
  title={Attention, learn to solve routing problems!},
  author={Kool, Wouter and Van Hoof, Herke and Welling, Max},
  journal={arXiv preprint arXiv:1803.08475},
  year={2018}
}

@article{ma2019combinatorial,
  title={Combinatorial Optimization by Graph Pointer Networks and Hierarchical Reinforcement Learning},
  author={Ma, Qiang and Ge, Suwen and He, Danyang and Thaker, Darshan and Drori, Iddo},
  journal={arXiv preprint arXiv:1911.04936},
  year={2019}
}

@article{barrett2019exploratory,
  title={Exploratory combinatorial optimization with reinforcement learning},
  author={Barrett, Thomas D and Clements, William R and Foerster, Jakob N and Lvovsky, Alex I},
  journal={arXiv preprint arXiv:1909.04063},
  year={2019}
}

@inproceedings{li2018combinatorial,
  title={Combinatorial optimization with graph convolutional networks and guided tree search},
  author={Li, Zhuwen and Chen, Qifeng and Koltun, Vladlen},
  booktitle={Advances in Neural Information Processing Systems},
  pages={539--548},
  year={2018}
}

@inproceedings{li2019learning,
  title={Learning to Solve Capacitated Arc Routing Problems by Policy Gradient},
  author={Li, Han and Li, Guiying},
  booktitle={2019 IEEE Congress on Evolutionary Computation (CEC)},
  pages={1291--1298},
  year={2019},
  organization={IEEE}
}

@article{zhang2020multi,
  title={Multi-Vehicle Routing Problems with Soft Time Windows: A Multi-Agent Reinforcement Learning Approach},
  author={Zhang, Ke and Li, Meng and Zhang, Zhengchao and Lin, Xi and He, Fang},
  journal={arXiv preprint arXiv:2002.05513},
  year={2020}
}

@article{vera2019deep,
  title={Deep Reinforcement Learning for Routing a Heterogeneous Fleet of Vehicles},
  author={Vera, Jose Manuel and Abad, Andres G},
  journal={arXiv preprint arXiv:1912.03341},
  year={2019}
}

@article{holler2019deep,
  title={Deep Reinforcement Learning for Multi-Driver Vehicle Dispatching and Repositioning Problem},
  author={Holler, John and Vuorio, Risto and Qin, Zhiwei and Tang, Xiaocheng and Jiao, Yan and Jin, Tiancheng and Singh, Satinder and Wang, Chenxi and Ye, Jieping},
  journal={arXiv preprint arXiv:1911.11260},
  year={2019}
}

@inproceedings{zhou2019multi,
  title={Multi-Agent Reinforcement Learning for Order-dispatching via Order-Vehicle Distribution Matching},
  author={Zhou, Ming and Jin, Jiarui and Zhang, Weinan and Qin, Zhiwei and Jiao, Yan and Wang, Chenxi and Wu, Guobin and Yu, Yong and Ye, Jieping},
  booktitle={Proceedings of the 28th ACM International Conference on Information and Knowledge Management},
  pages={2645--2653},
  year={2019}
}

@inproceedings{li2019efficient,
  title={Efficient ridesharing order dispatching with mean field multi-agent reinforcement learning},
  author={Li, Minne and Qin, Zhiwei and Jiao, Yan and Yang, Yaodong and Wang, Jun and Wang, Chenxi and Wu, Guobin and Ye, Jieping},
  booktitle={The World Wide Web Conference},
  pages={983--994},
  year={2019}
}

@inproceedings{nazari2018reinforcement,
  title={Reinforcement learning for solving the vehicle routing problem},
  author={Nazari, Mohammadreza and Oroojlooy, Afshin and Snyder, Lawrence and Tak{\'a}c, Martin},
  booktitle={Advances in Neural Information Processing Systems},
  pages={9839--9849},
  year={2018}
}

@inproceedings{li2019cooperative,
  title={A cooperative multi-agent reinforcement learning framework for resource balancing in complex logistics network},
  author={Li, Xihan and Zhang, Jia and Bian, Jiang and Tong, Yunhai and Liu, Tie-Yan},
  booktitle={Proceedings of the 18th International Conference on Autonomous Agents and MultiAgent Systems},
  pages={980--988},
  year={2019},
  organization={International Foundation for Autonomous Agents and Multiagent Systems}
}