@article{magnanti1984,
  title={Network design and transportation planning: Models and algorithms},
  author={Magnanti, Thomas L and Wong, Richard T},
  journal={Transportation science},
  volume={18},
  number={1},
  pages={1--55},
  year={1984},
  publisher={INFORMS}
}

@article{crainic2000,
  title={Service network design in freight transportation},
  author={Crainic, Teodor Gabriel},
  journal={European journal of operational research},
  volume={122},
  number={2},
  pages={272--288},
  year={2000},
  publisher={Elsevier}
}

@article{gendron1994,
  title={RELAXATIONS FOR MULTICOMMODITY CAPACITATED NETWORK DESIGN PROBLEMS.},
  author={Gendron, Bernard and Crainic, Teodor Gabriel},
  year={1994}
}

@article{gendron2011,
author = "Gendron, Bernard",
issn = "1877-0428",
journal = "Procedia - Social and Behavioral Sciences",
keywords = "Multicommodity Capacitated Fixed-Charge Network Design ; Mathematical Programming ; Cutting-Plane Algorithm ; Benders Decomposition ; Lagrangian Relaxation ; Social Sciences (General)",
language = "eng",
pages = "31,37",
publisher = "Elsevier Ltd",
title = {{D}ecomposition {M}ethods for {N}etwork {D}esign},
volume = "20",
year = "2011",
}

@article{albert2002,
  title={Statistical mechanics of complex networks},
  author={Albert, R{\'e}ka and Barab{\'a}si, Albert-L{\'a}szl{\'o}},
  journal={Reviews of modern physics},
  volume={74},
  number={1},
  pages={47},
  year={2002},
  publisher={APS}
}

@article{erdHos1960,
  title={On the evolution of random graphs},
  author={Erd{\H{o}}s, Paul and R{\'e}nyi, Alfr{\'e}d},
  journal={Publ. Math. Inst. Hung. Acad. Sci},
  volume={5},
  number={1},
  pages={17--60},
  year={1960}
}

@article{watts1998,
  title={Collective dynamics of ‘small-world’networks},
  author={Watts, Duncan J and Strogatz, Steven H},
  journal={nature},
  volume={393},
  number={6684},
  pages={440},
  year={1998},
  publisher={Nature Publishing Group}
}

@article{barabasi1999emergence,
  title={Emergence of scaling in random networks},
  author={Barab{\'a}si, Albert-L{\'a}szl{\'o} and Albert, R{\'e}ka},
  journal={science},
  volume={286},
  number={5439},
  pages={509--512},
  year={1999},
  publisher={American Association for the Advancement of Science}
}

@book{bollobas2001random,
  title={Random graphs},
  author={Bollob{\'a}s, B{\'e}la},
  number={73},
  year={2001},
  publisher={Cambridge university press}
}

@article{bollobas1981diameter,
  title={The diameter of random graphs},
  author={Bollob{\'a}s, B{\'e}la},
  journal={Transactions of the American Mathematical Society},
  volume={267},
  number={1},
  pages={41--52},
  year={1981}
}

@article{hearnshaw2013complex,
  title={A complex network approach to supply chain network theory},
  author={Hearnshaw, Edward JS and Wilson, Mark MJ},
  journal={International Journal of Operations \& Production Management},
  year={2013},
  publisher={Emerald Group Publishing Limited}
}

@article{barabasi1999mean,
  title={Mean-field theory for scale-free random networks},
  author={Barab{\'a}si, Albert-L{\'a}szl{\'o} and Albert, R{\'e}ka and Jeong, Hawoong},
  journal={Physica A: Statistical Mechanics and its Applications},
  volume={272},
  number={1-2},
  pages={173--187},
  year={1999},
  publisher={Elsevier}
}

@article{tarapata2015modelling,
  title={Modelling and analysis of transportation networks using complex networks: Poland case study},
  author={Tarapata, Zbigniew},
  journal={Archives of Transport},
  volume={36},
  year={2015}
}

@inproceedings{haznagy2015complex,
  title={Complex network analysis of public transportation networks: A comprehensive study},
  author={H{\'a}znagy, Andor and Fi, Istv{\'a}n and London, Andr{\'a}s and N{\'e}meth, Tam{\'a}s},
  booktitle={2015 International Conference on Models and Technologies for Intelligent Transportation Systems (MT-ITS)},
  pages={371--378},
  year={2015},
  organization={IEEE}
}

@article{de2019public,
  title={Public transportation in Great Britain viewed as a complex network},
  author={de Regt, Robin and von Ferber, Christian and Holovatch, Yurij and Lebovka, Mykola},
  journal={Transportmetrica A: Transport Science},
  volume={15},
  number={2},
  pages={722--748},
  year={2019},
  publisher={Taylor \& Francis}
}

@book{wolsey1998integer,
  title={Integer Programming},
  author={Wolsey, L.A.},
  isbn={9780471283669},
  lccn={98007296},
  series={Wiley Series in Discrete Mathematics and Optimization},
  url={https://books.google.dk/books?id=x7RvQgAACAAJ},
  year={1998},
  publisher={Wiley}
}

@article{bengio2018machine,
  title={Machine Learning for Combinatorial Optimization: a Methodological Tour d'Horizon},
  author={Bengio, Yoshua and Lodi, Andrea and Prouvost, Antoine},
  journal={arXiv preprint arXiv:1811.06128},
  year={2018}
}

@article{barrett2019exploratory,
  title={Exploratory Combinatorial Optimization with Reinforcement Learning},
  author={Barrett, Thomas D and Clements, William R and Foerster, Jakob N and Lvovsky, AI},
  journal={arXiv preprint arXiv:1909.04063},
  year={2019}
}

@inproceedings{li2018combinatorial,
  title={Combinatorial optimization with graph convolutional networks and guided tree search},
  author={Li, Zhuwen and Chen, Qifeng and Koltun, Vladlen},
  booktitle={Advances in Neural Information Processing Systems},
  pages={539--548},
  year={2018}
}

@inbook{lee_2004, place={Cambridge}, series={Cambridge Texts in Applied Mathematics}, title={Introduction}, DOI={10.1017/CBO9780511616655.002}, booktitle={A First Course in Combinatorial Optimization}, publisher={Cambridge University Press}, author={Lee, Jon}, year={2004}, pages={1–8}, collection={Cambridge Texts in Applied Mathematics}}

@book{paarsch2016gentle,
  title={A Gentle Introduction to Effective Computing in Quantitative Research: What Every Research Assistant Should Know},
  author={Paarsch, H.J. and Golyaev, K.},
  isbn={9780262034111},
  lccn={2015039694},
  series={The MIT Press},
  url={https://books.google.dk/books?id=cfwNDAAAQBAJ},
  year={2016},
  publisher={MIT Press}
}

@book{williamson2011design,
  title={The Design of Approximation Algorithms},
  author={Williamson, D.P. and Shmoys, D.B.},
  isbn={9781139498173},
  url={https://books.google.dk/books?id=Cc\_Fdqf3bBgC},
  year={2011},
  publisher={Cambridge University Press}
}

@article{silver2017mastering,
  title={Mastering the game of go without human knowledge},
  author={Silver, David and Schrittwieser, Julian and Simonyan, Karen and Antonoglou, Ioannis and Huang, Aja and Guez, Arthur and Hubert, Thomas and Baker, Lucas and Lai, Matthew and Bolton, Adrian and others},
  journal={Nature},
  volume={550},
  number={7676},
  pages={354--359},
  year={2017},
  publisher={Nature Publishing Group}
}

@article{silver2016mastering,
  title={Mastering the game of Go with deep neural networks and tree search},
  author={Silver, David and Huang, Aja and Maddison, Chris J and Guez, Arthur and Sifre, Laurent and Van Den Driessche, George and Schrittwieser, Julian and Antonoglou, Ioannis and Panneershelvam, Veda and Lanctot, Marc and others},
  journal={nature},
  volume={529},
  number={7587},
  pages={484},
  year={2016},
  publisher={Nature Publishing Group}
}

@book{sutton2018reinforcement,
  title={Reinforcement learning: An introduction},
  author={Sutton, Richard S and Barto, Andrew G},
  year={2018},
  publisher={MIT press}
}

@article{watkins1989learning,
  title={Learning from delayed rewards},
  author={Watkins, Christopher John Cornish Hellaby},
  year={1989},
  publisher={King's College, Cambridge}
}

@article{degris2012off,
  title={Off-policy actor-critic},
  author={Degris, Thomas and White, Martha and Sutton, Richard S},
  journal={arXiv preprint arXiv:1205.4839},
  year={2012}
}

@incollection{singh1994learning,
  title={Learning without state-estimation in partially observable Markovian decision processes},
  author={Singh, Satinder P and Jaakkola, Tommi and Jordan, Michael I},
  booktitle={Machine Learning Proceedings 1994},
  pages={284--292},
  year={1994},
  publisher={Elsevier}
}

@inproceedings{sutton2000policy,
  title={Policy gradient methods for reinforcement learning with function approximation},
  author={Sutton, Richard S and McAllester, David A and Singh, Satinder P and Mansour, Yishay},
  booktitle={Advances in neural information processing systems},
  pages={1057--1063},
  year={2000}
}

@article{sutton1988learning,
  title={Learning to predict by the methods of temporal differences},
  author={Sutton, Richard S},
  journal={Machine learning},
  volume={3},
  number={1},
  pages={9--44},
  year={1988},
  publisher={Springer}
}

@article{dayan1992convergence,
  title={The convergence of \text{TD $(\lambda)$} for general \text{$\lambda$}},
  author={Dayan, Peter},
  journal={Machine learning},
  volume={8},
  number={3-4},
  pages={341--362},
  year={1992},
  publisher={Springer}
}

@article{barnhart2000using,
  title={Using branch-and-price-and-cut to solve origin-destination integer multicommodity flow problems},
  author={Barnhart, Cynthia and Hane, Christopher A and Vance, Pamela H},
  journal={Operations Research},
  volume={48},
  number={2},
  pages={318--326},
  year={2000},
  publisher={INFORMS}
}

@inproceedings{alvelos2003comparing,
  title={Comparing branch-and-price algorithms for the unsplittable multicommodity flow problem},
  author={Alvelos, Filipe and De Carvalho, JM Val{\'e}rio},
  booktitle={International Network Optimization Conference},
  pages={7--12},
  year={2003},
  organization={sn}
}

@article{ahujia1993network,
  title={Network flows: Theory, algorithms and applications},
  author={Ahujia, RK and Magnanti, Thomas L and Orlin, James B},
  journal={New Jersey: Rentice-Hall},
  year={1993}
}

@article{costa2002bounds,
  title={Bounds and heuristics for the shortest capacitated paths problem},
  author={Costa, Marie-Christine and Hertz, Alain and Mittaz, Michel},
  journal={Journal of heuristics},
  volume={8},
  number={4},
  pages={449--465},
  year={2002},
  publisher={Springer}
}

@article{yaghini2012multicommodity,
  title={Multicommodity network design problem in rail freight transportation planning},
  author={Yaghini, Masoud and Akhavan, Rahim},
  journal={Procedia-Social and Behavioral Sciences},
  volume={43},
  pages={728--739},
  year={2012},
  publisher={Elsevier}
}

@inproceedings{krile2004application,
  title={Application of the minimum cost flow problem in container shipping},
  author={Krile, Sre{\'c}ko},
  booktitle={Proceedings. Elmar-2004. 46th International Symposium on Electronics in Marine},
  pages={466--471},
  year={2004},
  organization={IEEE}
}

@incollection{littman1994markov,
  title={Markov games as a framework for multi-agent reinforcement learning},
  author={Littman, Michael L},
  booktitle={Machine learning proceedings 1994},
  pages={157--163},
  year={1994},
  publisher={Elsevier}
}

@article{zhang2019multi,
  title={Multi-Agent Reinforcement Learning: A Selective Overview of Theories and Algorithms},
  author={Zhang, Kaiqing and Yang, Zhuoran and Ba{\c{s}}ar, Tamer},
  journal={arXiv preprint arXiv:1911.10635},
  year={2019}
}

@inproceedings{tan1993multi,
  title={Multi-agent reinforcement learning: Independent vs. cooperative agents},
  author={Tan, Ming},
  booktitle={Proceedings of the tenth international conference on machine learning},
  pages={330--337},
  year={1993}
}

@inproceedings{lauer2000algorithm,
  title={An algorithm for distributed reinforcement learning in cooperative multi-agent systems},
  author={Lauer, Martin and Riedmiller, Martin},
  booktitle={In Proceedings of the Seventeenth International Conference on Machine Learning},
  year={2000},
  organization={Citeseer}
}

@book{habib2019hands,
  title={Hands-On Q-Learning with Python: Practical Q-learning with OpenAI Gym, Keras, and TensorFlow},
  author={Habib, N.},
  isbn={9781789345759},
  url={https://books.google.dk/books?id=xxiUDwAAQBAJ},
  year={2019},
  publisher={Packt Publishing}
}
